@article{einstein,
    author        = {Albert Einstein},
    title         = {Zur Elektrodynamik bewegter K{\"o}rper. (German) [On the electrodynamics of moving bodies]},
    journaltitle  = {Annalen der Physik},
    year          = {1905},
    volume        = {322},
    number        = {10},
    pages         = {891-921},
    doi           = {http://dx.doi.org/10.1002/andp.19053221004}
}

@online{knuthwebsite,
    author        = {Donald Knuth},
    title         = {Knuth: Computers and Typesetting},
    year          = {1984},
    url           = {http://www-cs-faculty.stanford.edu/~uno/abcde.html}
}

@book{latexcompanion,
    author        = {Michel Goossens and Frank Mittelbach and Alexander Samarin},
    title         = {The \LaTeX\ Companion},
    year          = {1993},
    publisher     = {Addison-Wesley},
    location      = {Reading, Massachusetts}
}

@book{boa,
    author        = {Bank of America},
    title         = {Agile Way of Working (Scrum Guide)}
}

@online{scrumalliance,
    title         = {Scrum Roles},
    url           = {https://www.scrumalliance.org/why-scrum/core-scrum-values-roles}
}

@book{scaling,
    author        = {C. Larman and B.Vodde},
    title         = {Scaling Lean and Agile Development}
}

@book{lean,
    author        = {E. Ries},
    title         = {Lean Startup}
}

@online{sandstone,
    title         = {Sandstone Template},
    url           = {http://bootswatch.com/sandstone/}
}

@online{benchmarks,
    title         = {Node Template Engine Benchmarks},
    url           = {http://paularmstrong.github.io/node-templates/benchmarks.html}
}

@online{whynode,
    title         = {Why The Hell Would I Use Node.js?},
    url           = {http://www.toptal.com/nodejs/why-the-hell-would-i-use-node-js},
    author        = {Tomislav Capan}
}
